
    </template>
    <template name="连续出版物">
        <unimarc:record xmlns:unimarc="http://dp2003.com/UNIMARC">
            <unimarc:leader>?????nas0 22?????   45  </unimarc:leader>
            <unimarc:controlfield tag="001">???????????</unimarc:controlfield>
            <unimarc:controlfield tag="005">???????????</unimarc:controlfield>
            <unimarc:datafield tag="011" ind1=" " ind2=" ">
                <unimarc:subfield code="a" />
                <unimarc:subfield code="d">CNY</unimarc:subfield>
            </unimarc:datafield>
            <unimarc:datafield tag="100" ind1=" " ind2=" ">
                <unimarc:subfield code="a">20071012a        ekmy0chiy1050    ea</unimarc:subfield>
            </unimarc:datafield>
            <unimarc:datafield tag="101" ind1="0" ind2=" ">
                <unimarc:subfield code="a">chi</unimarc:subfield>
            </unimarc:datafield>
            <unimarc:datafield tag="102" ind1=" " ind2=" ">
                <unimarc:subfield code="a">CN</unimarc:subfield>
                <unimarc:subfield code="b">110000</unimarc:subfield>
            </unimarc:datafield>
            <unimarc:datafield tag="106" ind1=" " ind2=" ">
                <unimarc:subfield code="a">r</unimarc:subfield>
            </unimarc:datafield>
            <unimarc:datafield tag="110" ind1=" " ind2=" ">
                <unimarc:subfield code="a">akahh  0xx0</unimarc:subfield>
            </unimarc:datafield>
            <unimarc:datafield tag="200" ind1="1" ind2=" ">
                <unimarc:subfield code="a" />
                <unimarc:subfield code="f" />
            </unimarc:datafield>
            <unimarc:datafield tag="207" ind1=" " ind2="0">
                <unimarc:subfield code="a" />
            </unimarc:datafield>
            <unimarc:datafield tag="210" ind1=" " ind2=" ">
                <unimarc:subfield code="d">2007-</unimarc:subfield>
            </unimarc:datafield>
            <unimarc:datafield tag="215" ind1=" " ind2=" ">
                <unimarc:subfield code="a">册</unimarc:subfield>
                <unimarc:subfield code="c">图</unimarc:subfield>
                <unimarc:subfield code="d">26cm</unimarc:subfield>
            </unimarc:datafield>
            <unimarc:datafield tag="300" ind1=" " ind2=" ">
                <unimarc:subfield code="a">据著录。</unimarc:subfield>
            </unimarc:datafield>
            <unimarc:datafield tag="300" ind1=" " ind2=" ">
                <unimarc:subfield code="a">本馆有:</unimarc:subfield>
            </unimarc:datafield>
            <unimarc:datafield tag="606" ind1=" " ind2=" ">
                <unimarc:subfield code="a" />
            </unimarc:datafield>
            <unimarc:datafield tag="690" ind1=" " ind2=" ">
                <unimarc:subfield code="a" />
                <unimarc:subfield code="v">4</unimarc:subfield>
            </unimarc:datafield>
            <unimarc:datafield tag="701" ind1=" " ind2="0">
                <unimarc:subfield code="a" />
                <unimarc:subfield code="4" />
            </unimarc:datafield>
            <unimarc:datafield tag="801" ind1=" " ind2="0">
                <unimarc:subfield code="a">CN</unimarc:subfield>
                <unimarc:subfield code="b" />
                <unimarc:subfield code="c" />
            </unimarc:datafield>
            <unimarc:datafield tag="905" ind1=" " ind2=" ">
                <unimarc:subfield code="a" />
                <unimarc:subfield code="d" />
                <unimarc:subfield code="e" />
                <unimarc:subfield code="s" />
            </unimarc:datafield>
            <unimarc:datafield tag="998" ind1=" " ind2=" ">
                <unimarc:subfield code="a" />
            </unimarc:datafield>
        </unimarc:record>