
    </template>
    <template name="字段说明模板">
        <unimarc:record xmlns:unimarc="http://dp2003.com/UNIMARC">
            <unimarc:leader>?????nam0 22?????   45  </unimarc:leader>
            <unimarc:controlfield tag="001">???????????</unimarc:controlfield>
            <unimarc:controlfield tag="005">在鼠标右键菜单中可取系统默认值</unimarc:controlfield>
            <unimarc:datafield tag="010" ind1=" " ind2=" ">
                <unimarc:subfield code="a">国际标准书号</unimarc:subfield>
                <unimarc:subfield code="d">价格</unimarc:subfield>
            </unimarc:datafield>
            <unimarc:datafield tag="100" ind1=" " ind2=" ">
                <unimarc:subfield code="a">20071012d2007    ekmy0chiy1050    ea</unimarc:subfield>
            </unimarc:datafield>
            <unimarc:datafield tag="101" ind1="0" ind2=" ">
                <unimarc:subfield code="a">作品语种代码（如：chi）</unimarc:subfield>
            </unimarc:datafield>
            <unimarc:datafield tag="102" ind1=" " ind2=" ">
                <unimarc:subfield code="a">出版国别代码（如：CN）</unimarc:subfield>
                <unimarc:subfield code="b">出版地区代码（如：110000）</unimarc:subfield>
            </unimarc:datafield>
            <unimarc:datafield tag="105" ind1=" " ind2=" ">
                <unimarc:subfield code="a">y   z   000yy</unimarc:subfield>
            </unimarc:datafield>
            <unimarc:datafield tag="106" ind1=" " ind2=" ">
                <unimarc:subfield code="a">r</unimarc:subfield>
            </unimarc:datafield>
            <unimarc:datafield tag="200" ind1="1" ind2=" ">
                <unimarc:subfield code="a">题名</unimarc:subfield>
                <unimarc:subfield code="e">副题名</unimarc:subfield>
                <unimarc:subfield code="f">主要责任说明</unimarc:subfield>
                <unimarc:subfield code="g">次要责任说明</unimarc:subfield>
            </unimarc:datafield>
            <unimarc:datafield tag="210" ind1=" " ind2=" ">
                <unimarc:subfield code="a">出版地</unimarc:subfield>
                <unimarc:subfield code="c">出版者</unimarc:subfield>
                <unimarc:subfield code="d">出版时间</unimarc:subfield>
            </unimarc:datafield>
            <unimarc:datafield tag="215" ind1=" " ind2=" ">
                <unimarc:subfield code="a">页</unimarc:subfield>
                <unimarc:subfield code="c">图</unimarc:subfield>
                <unimarc:subfield code="d">20cm</unimarc:subfield>
            </unimarc:datafield>
            <unimarc:datafield tag="300" ind1=" " ind2=" ">
                <unimarc:subfield code="a" />
            </unimarc:datafield>
            <unimarc:datafield tag="606" ind1=" " ind2=" ">
                <unimarc:subfield code="a" />
            </unimarc:datafield>
            <unimarc:datafield tag="690" ind1=" " ind2=" ">
                <unimarc:subfield code="a">中图法分类号</unimarc:subfield>
                <unimarc:subfield code="v">4</unimarc:subfield>
            </unimarc:datafield>
            <unimarc:datafield tag="701" ind1=" " ind2="0">
                <unimarc:subfield code="a">主要责任者名称</unimarc:subfield>
                <unimarc:subfield code="4">责任方式</unimarc:subfield>
            </unimarc:datafield>
            <unimarc:datafield tag="702" ind1=" " ind2="0">
                <unimarc:subfield code="a">次要责任者名称</unimarc:subfield>
                <unimarc:subfield code="4">责任方式</unimarc:subfield>
            </unimarc:datafield>
            <unimarc:datafield tag="801" ind1=" " ind2="0">
                <unimarc:subfield code="a">CN</unimarc:subfield>
                <unimarc:subfield code="b" />
                <unimarc:subfield code="c">记录生成时间（在鼠标右键菜单中可取系统默认值）</unimarc:subfield>
            </unimarc:datafield>
            <unimarc:datafield tag="905" ind1=" " ind2=" ">
                <unimarc:subfield code="a" />
                <unimarc:subfield code="d">索取类号</unimarc:subfield>
                <unimarc:subfield code="e">种次号/书次号</unimarc:subfield>
                <unimarc:subfield code="s">索取号</unimarc:subfield>
            </unimarc:datafield>
            <unimarc:datafield tag="998" ind1=" " ind2=" ">
                <unimarc:subfield code="a">编目批次号</unimarc:subfield>
            </unimarc:datafield>
        </unimarc:record>
    </template>
</root>